@Article{berners2001semantic,
  title={The semantic web},
  author={Berners-Lee, Tim and Hendler, James and Lassila, Ora and others},
  journal={Scientific american},
  volume={284},
  number={5},
  pages={28--37},
  year={2001},
  publisher={New York, NY, USA:}
}

@article{adida2008rdfa,
  title={RDFa in XHTML: Syntax and processing},
  author={Adida, Ben and Birbeck, Mark and McCarron, Shane and Pemberton, Steven},
  journal={Recommendation, W3C},
  volume={7},
  year={2008}
}

@inproceedings{halb2008building,
  title={Building Linked Data For Both Humans and Machines.},
  author={Halb, Wolfgang and Raimond, Yves and Hausenblas, Michael},
  booktitle={LDOW},
  year={2008}
}

@book{pinkerton2000webcrawler,
  title={Webcrawler: Finding what people want},
  author={Pinkerton, Brian},
  year={2000},
  publisher={Citeseer}
}
